<record><leader>00000cas a22000007a 4500</leader><controlfield tag="001">15997636</controlfield><controlfield tag="008">870618d189219uuiauwr ne      0    0eng d</controlfield><datafield ind1=" " ind2=" " tag="010"><subfield code="a">sn 87058370 </subfield></datafield><datafield ind1=" " ind2=" " tag="040"><subfield code="a">INP</subfield><subfield code="b">eng</subfield><subfield code="c">INP</subfield><subfield code="d">OCLCQ</subfield></datafield><datafield ind1=" " ind2=" " tag="042"><subfield code="a">msc</subfield></datafield><datafield ind1="0" ind2="4" tag="245"><subfield code="a">The Hopkinton leader.</subfield></datafield><datafield ind1=" " ind2=" " tag="260"><subfield code="a">Hopkinton, Delaware County, Iowa :</subfield><subfield code="b">Merriam &amp; Campbell</subfield></datafield><datafield ind1=" " ind2=" " tag="300"><subfield code="a">v.</subfield></datafield><datafield ind1=" " ind2=" " tag="310"><subfield code="a">Weekly</subfield></datafield><datafield ind1="1" ind2=" " tag="362"><subfield code="a">Began in 1892.</subfield></datafield><datafield ind1=" " ind2=" " tag="500"><subfield code="a">Publisher varies.</subfield></datafield><datafield ind1=" " ind2=" " tag="515"><subfield code="a">Vol. 12, no. 34 (Apr. 9, 1900) misnumbered and misdated v. 12, no. 33 (Apr. 12, 1900).</subfield></datafield><datafield ind1=" " ind2=" " tag="588"><subfield code="a">Description based on: Vol. 6, no. 13 (Jan. 5, 1894).</subfield></datafield><datafield ind1=" " ind2=" " tag="752"><subfield code="a">United States</subfield><subfield code="b">Iowa</subfield><subfield code="c">Delaware</subfield><subfield code="d">Hopkinton.</subfield></datafield><datafield ind1="0" ind2="0" tag="780"><subfield code="t">Delaware County leader</subfield></datafield><datafield ind1="0" ind2="0" tag="785"><subfield code="t">Delaware County leader and the Hopkinton leader</subfield><subfield code="w">(DLC)sn 87058371</subfield></datafield></record>